@misc{pixelFEROLThroughput,
    author    = "Matthew Kilpatrick",
    title     = "Pixel FEROL Throughput",
    url       = "https://indico.cern.ch/event/670423/contributions/2744625/attachments/1536139/2406497/FEDTester_10_04_17.pdf"
}


@misc{ECALHIN,
    author    = "",
    title     = "",
    url       = "https://indico.cern.ch/event/668711/contributions/2734388/attachments/1547298/2428927/HIN_ECAL_DPG_20171025.pdf"
}


@misc{stripDerFollPerf,
    author    = "",
    title     = "",
    url       = "https://twiki.cern.ch/twiki/pub/CMS/MITHIGAnalysis2017/Baty_DerivativeFollowerPerformance.pdf"
}