
% Matt's refs
% HIN-10-004
@article{Chatrchyan:2011sx,
      author         = "Chatrchyan, Serguei and others",
      title          = "{Observation and studies of jet quenching in PbPb
                        collisions at nucleon-nucleon center-of-mass energy = 2.76
                        TeV}",
      collaboration  = "CMS Collaboration",
      journal        = "Phys.Rev.",
      volume         = "C84",
      pages          = "024906",
      doi            = "10.1103/PhysRevC.84.024906",
      year           = "2011",
      eprint         = "1102.1957",
      archivePrefix  = "arXiv",
      primaryClass   = "nucl-ex",
      reportNumber   = "CMS-HIN-10-004, CERN-PH-EP-2011-001",
      SLACcitation   = "%%CITATION = ARXIV:1102.1957;%%",
}

%HIN-11-013
@article{Chatrchyan:2012nia,
      author         = "Chatrchyan, Serguei and others",
      title          = "{Jet momentum dependence of jet quenching in PbPb
                        collisions at sqrt(sNN)=2.76 TeV}",
      collaboration  = "CMS Collaboration",
      journal        = "Phys.Lett.",
      volume         = "B712",
      pages          = "176-197",
      doi            = "10.1016/j.physletb.2012.04.058",
      year           = "2012",
      eprint         = "1202.5022",
      archivePrefix  = "arXiv",
      primaryClass   = "nucl-ex",
      reportNumber   = "CMS-HIN-11-013, CERN-PH-EP-2012-042",
      SLACcitation   = "%%CITATION = ARXIV:1202.5022;%%",
}

@Unpublished{Jowett:2012priv,
  author =       "Jowett, J.",
  title =        "{LHC intensity estimate.}",
  note =         "{Private communication}",
  year =         2013
}
@article{Dokshitzer:2001zm,
      author         = "Dokshitzer, Yuri L. and Kharzeev, D.E.",
      title          = "{Heavy quark colorimetry of QCD matter}",
      journal        = "Phys.Lett.",
      volume         = "B519",
      pages          = "199-206",
      doi            = "10.1016/S0370-2693(01)01130-3",
      year           = "2001",
      eprint         = "hep-ph/0106202",
      archivePrefix  = "arXiv",
      primaryClass   = "hep-ph",
      reportNumber   = "LPT-ORSAY-01-58, BNL-NT-01-9",
      SLACcitation   = "%%CITATION = HEP-PH/0106202;%%",
}
@article{Roland:2007is,
      author         = "Roland, G.",
      title          = "{Triggering on hard probes in heavy ion collisions with
                        CMS}",
      collaboration  = "CMS Collaboration",
      journal        = "J.Phys.",
      volume         = "G34",
      pages          = "S733-736",
      doi            = "10.1088/0954-3899/34/8/S84",
      year           = "2007",
      eprint         = "nucl-ex/0702041",
      archivePrefix  = "arXiv",
      primaryClass   = "NUCL-EX",
      SLACcitation   = "%%CITATION = NUCL-EX/0702041;%%",
}

@article{Aad:2010bu,
      author         = "Aad, Georges and others",
      title          = "{Observation of a Centrality-Dependent Dijet Asymmetry in
                        Lead-Lead Collisions at sqrt(S(NN))= 2.76 TeV with the
                        ATLAS Detector at the LHC}",
      collaboration  = "ATLAS Collaboration",
      journal        = "Phys. Rev. Lett.",
      volume         = "105",
      pages          = "252303",
      year           = "2010",
      eprint         = "1011.6182",
      archivePrefix  = "arXiv",
      primaryClass   = "hep-ex",
}


@article{atlas:2012is,
      author         = "Aad, Georges and others",
      title          = "{Measurement of the jet radius and transverse momentum
                        dependence of inclusive jet suppression in lead-lead
                        collisions at $\sqrt{s_{NN}}=2.76$ TeV with the ATLAS
                        detector}",
      collaboration  = "ATLAS Collaboration",
      year           = "2013",
      journal        = "Phys.Lett.",
      volume         = "B719",
      pages          = "220-241",
      eprint         = "1208.1967",
      archivePrefix  = "arXiv",
      primaryClass   = "hep-ex",
      reportNumber   = "CERN-PH-EP-2012-134",
      SLACcitation   = "%%CITATION = ARXIV:1208.1967;%%",
}


@article{Chatrchyan:2012gt,
      author         = "Chatrchyan, Serguei and others",
      title          = "{Studies of jet quenching using isolated-photon+jet
                        correlations in PbPb and $pp$ collisions at
                        $\sqrt{s_{NN}}=2.76$ TeV}",
      collaboration  = "CMS Collaboration",
      journal        = "Phys.Lett.",
      volume         = "B718",
      pages          = "773-794",
      doi            = "10.1016/j.physletb.2012.11.003",
      year           = "2013",
      eprint         = "1205.0206",
      archivePrefix  = "arXiv",
      primaryClass   = "nucl-ex",
      reportNumber   = "CMS-HIN-11-010, CERN-PH-EP-2012-089",
      SLACcitation   = "%%CITATION = ARXIV:1205.0206;%%",
}

@article{Chatrchyan:2012gw,
      author         = "Chatrchyan, Serguei and others",
      title          = "{Measurement of jet fragmentation into charged particles
                        in $pp$ and PbPb collisions at $\sqrt{s_{NN}}=2.76$ TeV}",
      collaboration  = "CMS Collaboration",
      journal        = "JHEP",
      volume         = "1210",
      pages          = "087",
      doi            = "10.1007/JHEP10(2012)087",
      year           = "2012",
      eprint         = "1205.5872",
      archivePrefix  = "arXiv",
      primaryClass   = "nucl-ex",
      reportNumber   = "CMS-HIN-11-004, CERN-PH-EP-2012-143",
      SLACcitation   = "%%CITATION = ARXIV:1205.5872;%%",
}

@article{Aamodt:2010jd,
      author         = "Aamodt, K.",
      title          = "{Suppression of Charged Particle Production at Large
                        Transverse Momentum in Central Pb--Pb Collisions at
                        $\sqrt{s_{NN}} = 2.76$ TeV}",
      collaboration  = "ALICE Collaboration",
      journal        = "Phys.Lett.",
      volume         = "B696",
      pages          = "30",
      doi            = "10.1016/j.physletb.2010.12.020",
      year           = "2011",
      eprint         = "1012.1004",
      archivePrefix  = "arXiv",
      primaryClass   = "nucl-ex",
      reportNumber   = "CERN-PH-EP-ALICE-2010-004",
      SLACcitation   = "%%CITATION = ARXIV:1012.1004;%%",
}


@Unpublished{Alice:dihadron,
      author         = "Aamodt, K.",
      title          = "{Particle-yield modification in jet-like azimuthal di-hadron correlations in Pb-Pb collisions at
                        $\sqrt{s_{NN}} = 2.76$ TeV}",
      collaboration  = "ALICE Collaboration",
      note           = "Accepted by \textit{Phys. Rev. Lett.}",
      year           = "2012",
      eprint         = "1012.1004",
      archivePrefix  = "arXiv",
      primaryClass   = "nucl-ex",
      reportNumber   = "CERN-PH-EP-2011-161",
      SLACcitation   = "%%CITATION = ARXIV:1110.0121;%%",
}

@article{CMS:2012aa,
      author         = "Chatrchyan, Serguei and others",
      title          = "{Study of high-pT charged particle suppression in PbPb
                        compared to $pp$ collisions at $\sqrt{s_{NN}}=2.76$ TeV}",
      collaboration  = "CMS Collaboration",
      journal        = "Eur.Phys.J.",
      volume         = "C72",
      pages          = "1945",
      doi            = "10.1140/epjc/s10052-012-1945-x",
      year           = "2012",
      eprint         = "1202.2554",
      archivePrefix  = "arXiv",
      primaryClass   = "nucl-ex",
      reportNumber   = "CMS-HIN-10-005, CERN-PH-EP-2012-043",
      SLACcitation   = "%%CITATION = ARXIV:1202.2554;%%",
}

@Article{cms_triggerTDR,
      author         = "Dasu, S. and others",
      title          = "{CMS. The TriDAS project. Technical design report, vol.
                        1: The trigger systems}",
      collaboration  = "CMS Collaboration",
      year           = "2000",
      journal   = "CERN-LHCC-2000-038",
      SLACcitation   = "%%CITATION = CERN-LHCC-2000-038 ETC.;%%",
}

@Article{gct1,
      author         = "Stettler, M. and others",
      title          = "{The CMS Global Calorimeter Trigger Hardware Design}",
      year           = "2006",
      journal   = "12th Workshop on Electronics For LHC and Future Experiments, Valencia, Spain",
      pages          = "274-278",
      SLACcitation   = "%%CITATION = CERN-LHCC-2000-038 ETC.;%%",
}

@Article{gct2,
      author         = "Iles, G. and others",
      title          = "{Revised CMS Global Calorimeer Trigger Functionality & Algorithms}",
      year           = "2006",
      journal   = "12th Workshop on Electronics For LHC and Future Experiments, Valencia, Spain",
      pages          = "465-469",
      SLACcitation   = "%%CITATION = CERN-LHCC-2000-038 ETC.;%%",
}

